@book{dimsbog,
  title={Discrete Mathematical Structures, sixth edition},
  author={Kolman and Busby and Ross},
  isbn={9780132078450},
  year={2009},
  publisher={Pearson}
}
@article{disnote,
  title={Noter til kombinatorik og grafteori},
  author={Forst, Gunnar},
  year={2006},
  publisher={Matematisk afdeling},
  volume={2}
}
@misc{web1,
  author = {Cherowitzo, William},
  title = {Graph Theory Lecture Notes 6},
  howpublished = "\url{http://www-math.ucdenver.edu/~wcherowi/courses/m4408/gtln6.htm}",
  month = jan,
  year = {2015}
}
@misc{web2,
  author = {Wikipedia},
  title = {Chromatic Polynomial},
  howpublished = "\url{http://en.wikipedia.org/wiki/Chromatic_polynomial}",
  month = jan,
  year = {2015}
}
@misc{web3,
   author = {Wikipedia},
  title = {Ribonucleic acid},
  howpublished = "\url{http://en.wikipedia.org/wiki/RNA}",
  month = may,
  year = {2015}
}
@misc{web4,
  author = {Wikipedia},
  title = {Deoxyribonucleic acid},
  howpublished = "\url{http://en.wikipedia.org/wiki/DNA}",
  month = may,
  year = {2015}
}
@misc{web5,
  author = {Wikipedia},
  title = {Nucleic Acid Secondary Structure},
  howpublished = "\url{http://en.wikipedia.org/wiki/Nucleic_acid_secondary_structure}",
  month = may,
  year = {2015}
}
@misc{re2java,
  author = {Google},
  title = {google/re2j - GitHub},
  howpublished = "\url{https://github.com/google/re2j}",
  month = may,
  year = {2015},
  note = {Accessed: 2015-06-05. Is the only credible source for the capabilites 
          of RE2, despite it being the java port of RE2}
}
@misc{pythonregex,
  author = {Matthew Barnett},
  title = {mrabarnett / mrab-regex - Bitbucket},
  howpublished = "\url{https://bitbucket.org/mrabarnett/mrab-regex}",
  month = may,
  year = {2015},
  note = {Accessed: 2015-06-05}
}
@misc{mathTree,
  author = {Wolfram},
  title  = {Mathematica Pattern Searching and Refactoring},
  howpublished = "\url{http://reference.wolfram.com/workbench/index.jsp?topic=/com.wolfram.eclipse.help/html/tasks/patterns/patterns.html}",
  month = may,
  year = {2015}  
}
@article{LaurikariComplex,
  author = {Ville Laurikari},
  title = {Efficient submatch addressing for regular expressions},
  month = nov,
  year = {2001},
  howpublished = "\url{http://laurikari.net/ville/regex-submatch.pdf}"
}
@article{Navarro00nr-grep:a,
    author = {Gonzalo Navarro},
    title = {NR-grep: A Fast and Flexible Pattern Matching Tool},
    journal = {Software Practice and Experience (SPE},
    year = {2000},
    volume = {31},
    pages = {2001}
}
@article{crash,
  author = {Fritz Henglein, Niels Bjørn Bugge Grathwohl and Ulrik Terp Rasmussen},
  title = {A Crash-Course in Regular Expression Parsing and Regular Expressions as Types}
}
@book{compile,
  author = {Torben Ægidius Mogensen},
  title = {An Introduction to Compiler Design},
  publisher="Springer",
  year = {2001}
}
@book{Algorithmonstring,
  author={Dan Gusfield},
  title = {Algorithms on Strings, Trees and Sequences},
  publisher = {Cambridge University Press}
}
@article{Ville,
  author={Ville Laurikari},
  title = {NFAs with Tagged Transitions, their Conversion to Deterministic Automata and Application to Regular Expressions},
  publisher = {Helsinki University of Technology},
  year = {2000}
}
@article{FastText,
  author={R. A. Baeza-Yates \& G. H. Gonnet},
  title ={Fast Text Searching for Regular Expressions or Automaton Searching on Tries},
  year = {1996},
  journal={ACM, vol. 43}
}
@article{PangSrinivas,
  author={Pang Ko \& Sromovas Aluru},
  title={Suffix Tree Applications in Computational Biology},
  publisher={Iowa State University}
}
@misc{WikiLevenshtein,
  author={Wikipedia},
  title={Levenshtein Automaton},
  year={2015},
  month=apr,
  howpublished="\url{http://en.wikipedia.org/wiki/Levenshtein_automaton}"
}
@article{REMatching,
  author={Russ Cox},
  title={Regular Expression Matching Can Be Simple And Fast 
  (but is slow in Java, Perl, PHP, Python, Ruby, ...)},
  year={2007},
  month=jan,
  howpublished="\url{https://swtch.com/~rsc/regexp/regexp1.html}"
}
@misc{tredoc,
  author={Ville Laurikari},
  title = {TRE Documentation},
  howpublished="\url{http://laurikari.net/tre/documentation}"
}
@article{suffix,
  author={Mohammadreza Ghodsi},
  title = {Approximate String Matching using Backtracking over Suffix Arrays},
  publisher={Computer Science Department of University of Maryland},
  year={2009},
  howpublished="\url{http://ssltest.cs.umd.edu/Grad/scholarlypapers/papers/ghodsi.pdf}"
}
@misc{hgp,
  author={National Human Genome Research Institute},
  title ={An Overview of the Human Genome Project},
  howpublished = {"\url{http://www.genome.gov/12011238}},
  year = {2012},
  month = {November},
  note         = {Accessed: 2015-06-06}
}

@book{Hopcroft1979,
  author = {Hopcroft, John E. and Ullman, Jeff D.},
  edition = {1st},
  publisher = {Addison-Wesley},
  title = {Introduction to Automata Theory, Languages, and Computation},
  year = 1979
}
